% !TeX encoding = UTF-8
% !TeX root = MAIN.tex

	@Misc{key1,
title       = {},
author      = {},
howpublished= {},
month       = {},
year        = {},
note        = {},
	}

	@Book{Taupin,
title     	= {MusiX\TeX},
publisher 	= {},
year     	= {2020},
author    	= {Daniel Taupin},
address   	= {},
edition   	= {1.30},
	}

	@Booklet{key3,
author		= {},
title		= {},
howpublished= {},
month 		= {},
year		= {},
	}
	
	@online{key4,
title 		= {},
date 		= {},
url 		= {},
urldate 	= {},
	}
